@incollection{symkey,
    author         = {William Stallings},
    booktitle      = {Cryptography and Network Security 7th Edition},
    title          = {Chapter 3: Classical Encryption Techniques},
    pages          = {87}
}
@book{numt,
    author         = {David M. Burton},
    title          = {Elementary Number Thoery 7th Edition},
}
@incollection{cong_prop,
    author         = {David M. Burton},
    booktitle      = {Elementary Number Thoery 7th Edition},
    title          = {Chapter 4: The Theory of Congruences},
    pages          = {65}
}
@incollection{caeser,
    author         = {David M. Burton},
    booktitle      = {Elementary Number Thoery 7th Edition},
    title          = {Chapter 10: Introduction to Cryptography},
    pages          = {198}
}
@incollection{playfair,
    author         = {William Stallings},
    booktitle      = {Cryptography and Network Security 7th Edition},
    title          = {Chapter 3: Classical Encryption Techniques},
    pages          = {97}
}
@incollection{rotors,
    author         = {William Stallings},
    booktitle      = {Cryptography and Network Security 7th Edition},
    title          = {Chapter 3: Classical Encryption Techniques},
    pages          = {109}
}
@incollection{feistel,
    author         = {William Stallings},
    booktitle      = {Cryptography and Network Security 7th Edition},
    title          = {Chapter 4: Block Ciphers and the Data Encryption Standard},
    pages          = {126}
}
@incollection{des,
    author         = {William Stallings},
    booktitle      = {Cryptography and Network Security 7th Edition},
    title          = {Chapter 4: Block Ciphers and the Data Encryption Standard},
    pages          = {130}
}
@incollection{pubkey,
    author         = {William Stallings},
    booktitle      = {Cryptography and Network Security 7th Edition},
    title          = {Chapter 9: Public-Key Cryptography
and RSA},
    pages          = {287}
}
@incollection{rsa,
    author         = {William Stallings},
    booktitle      = {Cryptography and Network Security 7th Edition},
    title          = {Chapter 9: Public-Key Cryptography
and RSA},
    pages          = {297}
}
@misc{lo2008quantumcryptography,
    title={Quantum Cryptography}, 
    author={Hoi-Kwong Lo and Yi Zhao},
    year={2008},
    eprint={0803.2507},
    archivePrefix={arXiv},
    primaryClass={quant-ph},
    url={https://arxiv.org/abs/0803.2507}, 
}
@article{Bennett_2014,
    title={Quantum cryptography: Public key distribution and coin tossing},
    volume={560},
    ISSN={0304-3975},
    url={http://dx.doi.org/10.1016/j.tcs.2014.05.025},
    DOI={10.1016/j.tcs.2014.05.025},
    journal={Theoretical Computer Science},
    publisher={Elsevier BV},
    author={Bennett, Charles H. and Brassard, Gilles},
    year={2014},
    month=dec, pages={7â€“11} }